<?xml version="1.0" encoding="UTF-8"?><collection xmlns="http://www.loc.gov/MARC21/slim"><record><leader>00415nam--2200121-i-4500</leader><controlfield tag="001">000034999</controlfield><controlfield tag="002">20161230</controlfield><controlfield tag="005">20161230201040</controlfield><controlfield tag="008">060222s1000------------r-----000-0-eng-d</controlfield><datafield ind1=" " ind2=" " tag="080"><subfield code="a">53(061.3)</subfield></datafield><datafield ind1=" " ind2=" " tag="245"><subfield code="a">New research techniques in physics. symposium organized by the acad.brasileira de ciencias and centro de cooperacion cientifica para america latina (unesco)...</subfield></datafield><datafield ind1=" " ind2=" " tag="260"><subfield code="a">Rio De Janeiro, 1954. 554p</subfield></datafield><datafield ind1=" " ind2=" " tag="852"><subfield code="a">4815</subfield></datafield></record></collection>